@Article{jss:gems,
    title = {{gems}: An {R} Package for Simulating from Disease Progression Models},
    author = {Nello Blaser and Luisa {Salazar Vizcaya} and Janne Estill and Cindy Zahnd and Bindu Kalesan and Matthias Egger and Olivia Keiser and Thomas Gsponer},
    journal = {Journal of Statistical Software},
    year = {2015},
    volume = {64},
    number = {10},
    pages = {1--22},
    url = {http://www.jstatsoft.org/v64/i10/},
  }


@MANUAL{r,
  title = {\proglang{R}: A Language and Environment for Statistical Computing},
  author = {{\proglang{R} Development Core Team}},
  organization = {\proglang{R} Foundation for Statistical Computing},
  address = {Vienna, Austria},
  year = {2012},
  note = {{ISBN} 3-900051-07-0},
  url = {http://www.R-project.org/},
}

@Manual{pkg:gems,
    title = {\pkg{gems}: General Multistate Simulation Model},
    author = {Luisa {Salazar Vizcaya} and Nello Blaser and Thomas Gsponer},
    year = {2013},
    note = {\proglang{R}~package version~0.9.1},
    url = {http://CRAN.R-project.org/package=gems},
  }
  
@Manual{pkg:mstate,
	title = {\pkg{mstate}: An \proglang{R} Package for the Analysis of Competing Risks and Multi-State Models},
	author = {Liesbeth C de Wreede and Marta Fiocco and Hein Putter},
	year = {2011},
	journal = {Journal of Statistical Software},
	url = {http://www.jstatsoft.org/v38/i07/},
}

@Article{pkg:msm,
  title = {Multi-State Models for Panel Data: The \pkg{msm} Package for \proglang{R}},
  author = {Christopher H. Jackson},
  journal = {Journal of Statistical Software},
  year = {2011},
  volume = {38},
  number = {8},
  pages = {1--29},
  url = {http://www.jstatsoft.org/v38/i08/},
}
  
@Manual{pkg:muhaz,
  title = {\pkg{muhaz}: Hazard Function Estimation in Survival Analysis},
  author ={Kenneth Hess and R Gentleman},
  year = {2010},
  note = {\proglang{R}~package version~1.2.5},
  url = {http://CRAN.R-project.org/package=muhaz},
}
% author = {\proglang{S} original by K Hess and \proglang{R} port by R Gentleman},

@Manual{pkg:survival,
  title = {A Package for Survival Analysis in S},
  author = {Terry M Therneau},
  year = {2014},
  note = {R package version 2.37-7},
  url = {http://CRAN.R-project.org/package=survival},
}

@article{Estill2012,
	title = {Viral Load Monitoring of Antiretroviral Therapy, Cohort Viral Load and HIV Transmission in Southern Africa: a Mathematical Modelling Analysis},
	author = {Estill, J. and Aubri\`ere, C. and Egger, M. and Johnson, L. and Wood, R. and Garone, D. and Gsponer, T. and Wandeler, G. and Boulle, A. and Davies, M. A. and Hallett, T. B. and Keiser, O.},
	journal = {AIDS},
	volume = {26},
	number = {11},
	pages = {1403-13},
	year = {2012}
}

@article{Estill2014,
	title = {Tracing of Patients Lost to Follow-up and {HIV} Transmission: Mathematical Modeling Study Based on 2 Large {ART} Programs in Malawi},
	volume = {65},
	issn = {1944-7884},
	doi = {10.1097/QAI.0000000000000075},
	shorttitle = {Tracing of Patients Lost to Follow-up and {HIV} Transmission},
	pages = {e179-186},
	number = {5},
	journal = {J. Acquir. Immune Defic. Syndr.},
	author = {Estill, Janne and Tweya, Hannock and Egger, Matthias and Wandeler, Gilles and Feldacker, Caryl and Johnson, Leigh F and Blaser, Nello and Vizcaya, Luisa Salazar and Phiri, Sam and Keiser, Olivia},
	year = {2014} 
}

@INPROCEEDINGS{Ling2009,
author={Dan Ling and Hong-Zhong Huang and Yu Liu},
booktitle={Reliability and Maintainability Symposium, 2009. RAMS 2009. Annual},
title={A method for parameter estimation of Mixed Weibull distribution},
year={2009},
month={Jan},
pages={129-133},
keywords={Weibull distribution;failure analysis;least mean squares methods;parameter estimation;mixed Weibull distribution;nonlinear least squares theory;parameter estimation;quasi-Newton method;Failure analysis;Least squares approximation;Manufacturing processes;Maximum likelihood estimation;Optimization methods;Parameter estimation;Production planning;Reliability engineering;Shape;Weibull distribution;mixed Weibull distribution;nonlinear least squares;parameter estimation;quasi-Newton method},
doi={10.1109/RAMS.2009.4914663},
ISSN={0149-144X},}

@article{Phillips2011,
   author = {Phillips, A. N. and Pillay, D. and Garnett, G. and Bennett, D. and Vitoria, M. and Cambiano, V. and Lundgren, J.},
   title = {Effect on Transmission of HIV-1 Resistance of Timing of Implementation of Viral Load Monitoring to Determine Switches from First to Second-line Antiretroviral Regimens in Resource-limited Settings},
   journal = {AIDS},
   volume = {25},
   number = {6},
   pages = {843-50},
   year = {2011}
}

@article{Garnett2011,
   author = {Garnett, G. P. and Cousens, S. and Hallett, T. B. and Steketee, R. and Walker, N.},
   title = {Mathematical Models in the Evaluation of Health Programmes},
   journal = {Lancet},
   volume = {378},
   number = {9790},
   pages = {515-25},
   year = {2011}
}

@book {Box1987,
    AUTHOR = {Box, George E. P. and Draper, Norman R.},
     TITLE = {Empirical Model-building and Response Surfaces},
    SERIES = {Wiley Series in Probability and Mathematical Statistics:
              Applied Probability and Statistics},
 PUBLISHER = {John Wiley \& Sons Inc.},
   ADDRESS = {New York},
      YEAR = {1987},
     PAGES = {xvi+669},
      ISBN = {0-471-81033-9},
   MRCLASS = {62J05 (62K05 62K10 62K15)},
  MRNUMBER = {861118 (87m:62208)},
MRREVIEWER = {A. I. Khuri},
}

@article{Gillespie1977,
    abstract = {{doi: 10.1021/j100540a008}},
    author = {Gillespie, Daniel T.},
    booktitle = {The Journal of Physical Chemistry},
    citeulike-article-id = {3878676},
    citeulike-linkout-0 = {http://dx.doi.org/10.1021/j100540a008},
    citeulike-linkout-1 = {http://pubs.acs.org/doi/abs/10.1021/j100540a008},
    day = {1},
    journal = {J. Phys. Chem.},
    keywords = {chemical\_kinetics, numerical\_simulation, stochastic\_process},
    month = dec,
    number = {25},
    pages = {2340--2361},
    posted-at = {2009-05-15 07:00:28},
    priority = {2},
    publisher = {American Chemical Society},
    title = {{Exact Stochastic Simulation of Coupled Chemical Reactions}},
    url = {http://dx.doi.org/10.1021/j100540a008},
    volume = {81},
    year = {1977}
}

@article{Wandel2008,
   author = {Wandel, S. and Egger, M. and Rangsin, R. and Nelson, K. E. and Costello, C. and Lewden, C. and Lutalo, T. and Ndyanabo, A. and Todd, J. and Van der Paal, L. and Minga, A. and Zwahlen, M.},
   title = {Duration from Seroconversion to Eligibility for Antiretroviral Therapy and from ART Eligibility to Death in Adult HIV-infected Patients from Low and Middle-income Countries: Collaborative Analysis of Prospective Studies},
   journal = {Sex Transm Infect},
   volume = {84 Suppl 1},
   pages = {i31-i36},
   year = {2008}
}

@article {Putter2007,
    AUTHOR = {Putter, H. and Fiocco, M. and Geskus, R. B.},
     TITLE = {Tutorial in Biostatistics: Competing Risks and Multi-state
              Models},
   JOURNAL = {Stat. Med.},
  FJOURNAL = {Statistics in Medicine},
    VOLUME = {26},
      YEAR = {2007},
    NUMBER = {11},
     PAGES = {2389--2430},
      ISSN = {0277-6715},
   MRCLASS = {Database Expansion Item},
  MRNUMBER = {2368422},
       URL = {http://dx.doi.org/10.1002/sim.2712},
}

@book{Anderson1992,
  author = {Anderson, R. M. and May, R. M.},
  keywords = {book math-biology},
  publisher = {Oxford University Press},
  title = {Infectious Diseases of Humans Dynamics and Control},
  url = {http://www.oup.com/uk/catalogue/?ci=9780198540403},
  year = 1992
}

@article{Lloyd2001,
   author = {Lloyd, A. L.},
   title = {Realistic Distributions of Infectious Periods in Epidemic Models: Changing Patterns of Persistence and Dynamics},
   journal = {Theor Popul Biol},
   volume = {60},
   number = {1},
   pages = {59-71},
   year = {2001}
}

@article{Gazzola2009,
   author = {Gazzola, L. and Tincati, C. and Bellistri, G. M. and Monforte, Ad and Marchetti, G.},
   title = {The Absence of CD4+ T Cell Count Recovery Despite Receipt of Virologically Suppressive Highly Active Antiretroviral Therapy: Clinical Risk, Immunological Gaps, and Therapeutic Options},
   journal = {Clin Infect Dis},
   volume = {48},
   number = {3},
   pages = {328-37},
   year = {2009}
}

@book {Pearl2009,
    AUTHOR = {Pearl, Judea},
     TITLE = {Causality},
   EDITION = {Second},
 PUBLISHER = {Cambridge University Press},
   ADDRESS = {Cambridge},
      YEAR = {2009},
     PAGES = {xx+464},
      ISBN = {978-0-521-89560-6; 0-521-77362-8},
   MRCLASS = {68T37 (03B48 68-02)},
  MRNUMBER = {2548166 (2010i:68148)},
}
%NOTE = {Models, reasoning, and inference},

@article{Pilgrim2012,
   author = {Pilgrim, T. and Kalesan, B. and Wenaweser, P. and Huber, C. and Stortecky, S. and Buellesfeld, L. and Khattab, A. A. and Eberle, B. and Gloekler, S. and Gsponer, T. and Meier, B. and Juni, P. and Carrel, T. and Windecker, S.},
   title = {Predictors of Clinical Outcomes in Patients With Severe Aortic Stenosis Undergoing TAVI: A Multistate Analysis},
   journal = {Circ Cardiovasc Interv},
   volume = {5},
   number = {6},
   pages = {856-61},
   year = {2012}
}
